{"symbol": "DIS", "annualReports": [{"fiscalDateEnding": "2021-09-30", "reportedCurrency": "USD", "grossProfit": "51162000000", "totalRevenue": "67418000000", "costOfRevenue": "16256000000", "costofGoodsAndServicesSold": "45131000000", "operatingIncome": "7766000000", "sellingGeneralAndAdministrative": "13517000000", "researchAndDevelopment": "None", "operatingExpenses": "17184000000", "investmentIncomeNet": "None", "netInterestIncome": "-1546000000", "interestIncome": "-645000000", "interestExpense": "1546000000", "nonInterestIncome": "0", "otherNonOperatingIncome": "962000000", "depreciation": "3068000000", "depreciationAndAmortization": "2085000000", "incomeBeforeTax": "2020000000", "incomeTaxExpense": "25000000", "interestAndDebtExpense": "1546000000", "netIncomeFromContinuingOperations": "2024000000", "comprehensiveIncomeNetOfTax": "3877000000", "ebit": "3566000000", "ebitda": "5651000000", "netIncome": "1995000000"}, {"fiscalDateEnding": "2020-09-30", "reportedCurrency": "USD", "grossProfit": "45042000000", "totalRevenue": "65388000000", "costOfRevenue": "20346000000", "costofGoodsAndServicesSold": "43880000000", "operatingIncome": "8108000000", "sellingGeneralAndAdministrative": "12369000000", "researchAndDevelopment": "None", "operatingExpenses": "21163000000", "investmentIncomeNet": "None", "netInterestIncome": "-1647000000", "interestIncome": "198000000", "interestExpense": "1647000000", "nonInterestIncome": "65000000", "otherNonOperatingIncome": "1689000000", "depreciation": "3140000000", "depreciationAndAmortization": "2242000000", "incomeBeforeTax": "-2165000000", "incomeTaxExpense": "699000000", "interestAndDebtExpense": "1647000000", "netIncomeFromContinuingOperations": "-2832000000", "comprehensiveIncomeNetOfTax": "-4569000000", "ebit": "-518000000", "ebitda": "1724000000", "netIncome": "-2864000000"}, {"fiscalDateEnding": "2019-09-30", "reportedCurrency": "USD", "grossProfit": "55523000000", "totalRevenue": "69607000000", "costOfRevenue": "14047000000", "costofGoodsAndServicesSold": "42018000000", "operatingIncome": "14847000000", "sellingGeneralAndAdministrative": "11549000000", "researchAndDevelopment": "None", "operatingExpenses": "54546000000", "investmentIncomeNet": "None", "netInterestIncome": "-1246000000", "interestIncome": "-543000000", "interestExpense": "1246000000", "nonInterestIncome": "-511000000", "otherNonOperatingIncome": "0", "depreciation": "2844000000", "depreciationAndAmortization": "1323000000", "incomeBeforeTax": "14080000000", "incomeTaxExpense": "3026000000", "interestAndDebtExpense": "1757000000", "netIncomeFromContinuingOperations": "10441000000", "comprehensiveIncomeNetOfTax": "8240000000", "ebit": "15326000000", "ebitda": "16649000000", "netIncome": "11054000000"}], "quarterlyReports": [{"fiscalDateEnding": "2021-09-30", "reportedCurrency": "USD", "grossProfit": "6193000000", "totalRevenue": "18534000000", "costOfRevenue": "12341000000", "costofGoodsAndServicesSold": "12341000000", "operatingIncome": "1587000000", "sellingGeneralAndAdministrative": "4319000000", "researchAndDevelopment": "None", "operatingExpenses": "5594000000", "investmentIncomeNet": "None", "netInterestIncome": "-457000000", "interestIncome": "-134000000", "interestExpense": "323000000", "nonInterestIncome": "None", "otherNonOperatingIncome": "100000000", "depreciation": "None", "depreciationAndAmortization": "1275000000", "incomeBeforeTax": "193000000", "incomeTaxExpense": "34000000", "interestAndDebtExpense": "None", "netIncomeFromContinuingOperations": "256000000", "comprehensiveIncomeNetOfTax": "1556000000", "ebit": "516000000", "ebitda": "1791000000", "netIncome": "159000000"}, {"fiscalDateEnding": "2021-06-30", "reportedCurrency": "USD", "grossProfit": "13183000000", "totalRevenue": "17022000000", "costOfRevenue": "3839000000", "costofGoodsAndServicesSold": "11233000000", "operatingIncome": "2382000000", "sellingGeneralAndAdministrative": "3168000000", "researchAndDevelopment": "None", "operatingExpenses": "4019000000", "investmentIncomeNet": "-9000000", "netInterestIncome": "-445000000", "interestIncome": "-41000000", "interestExpense": "404000000", "nonInterestIncome": "None", "otherNonOperatingIncome": "120000000", "depreciation": "None", "depreciationAndAmortization": "604000000", "incomeBeforeTax": "785000000", "incomeTaxExpense": "-133000000", "interestAndDebtExpense": "404000000", "netIncomeFromContinuingOperations": "923000000", "comprehensiveIncomeNetOfTax": "999000000", "ebit": "1189000000", "ebitda": "1793000000", "netIncome": "918000000"}, {"fiscalDateEnding": "2021-03-31", "reportedCurrency": "USD", "grossProfit": "11445000000", "totalRevenue": "15613000000", "costOfRevenue": "4168000000", "costofGoodsAndServicesSold": "9782000000", "operatingIncome": "2465000000", "sellingGeneralAndAdministrative": "3113000000", "researchAndDevelopment": "None", "operatingExpenses": "4333000000", "investmentIncomeNet": "131000000", "netInterestIncome": "-320000000", "interestIncome": "95000000", "interestExpense": "415000000", "nonInterestIncome": "None", "otherNonOperatingIncome": "518000000", "depreciation": "None", "depreciationAndAmortization": "605000000", "incomeBeforeTax": "1009000000", "incomeTaxExpense": "108000000", "interestAndDebtExpense": "415000000", "netIncomeFromContinuingOperations": "912000000", "comprehensiveIncomeNetOfTax": "1124000000", "ebit": "1424000000", "ebitda": "2029000000", "netIncome": "901000000"}, {"fiscalDateEnding": "2020-12-31", "reportedCurrency": "USD", "grossProfit": "4474000000", "totalRevenue": "16249000000", "costOfRevenue": "11775000000", "costofGoodsAndServicesSold": "11775000000", "operatingIncome": "1332000000", "sellingGeneralAndAdministrative": "2917000000", "researchAndDevelopment": "None", "operatingExpenses": "4215000000", "investmentIncomeNet": "113000000", "netInterestIncome": "-324000000", "interestIncome": "80000000", "interestExpense": "404000000", "nonInterestIncome": "None", "otherNonOperatingIncome": "224000000", "depreciation": "None", "depreciationAndAmortization": "1298000000", "incomeBeforeTax": "33000000", "incomeTaxExpense": "16000000", "interestAndDebtExpense": "None", "netIncomeFromContinuingOperations": "30000000", "comprehensiveIncomeNetOfTax": "198000000", "ebit": "437000000", "ebitda": "1735000000", "netIncome": "17000000"}, {"fiscalDateEnding": "2020-09-30", "reportedCurrency": "USD", "grossProfit": "11387000000", "totalRevenue": "14707000000", "costOfRevenue": "3320000000", "costofGoodsAndServicesSold": "11013000000", "operatingIncome": "606000000", "sellingGeneralAndAdministrative": "2812000000", "researchAndDevelopment": "None", "operatingExpenses": "3525000000", "investmentIncomeNet": "None", "netInterestIncome": "-652000000", "interestIncome": "-188000000", "interestExpense": "464000000", "nonInterestIncome": "None", "otherNonOperatingIncome": "762000000", "depreciation": "None", "depreciationAndAmortization": "107000000", "incomeBeforeTax": "-661000000", "incomeTaxExpense": "49000000", "interestAndDebtExpense": "464000000", "netIncomeFromContinuingOperations": "-710000000", "comprehensiveIncomeNetOfTax": "-2415000000", "ebit": "-197000000", "ebitda": "-90000000", "netIncome": "-710000000"}, {"fiscalDateEnding": "2020-06-30", "reportedCurrency": "USD", "grossProfit": "3585000000", "totalRevenue": "11779000000", "costOfRevenue": "8194000000", "costofGoodsAndServicesSold": "7896000000", "operatingIncome": "1099000000", "sellingGeneralAndAdministrative": "2455000000", "researchAndDevelopment": "None", "operatingExpenses": "8376000000", "investmentIncomeNet": "41000000", "netInterestIncome": "-412000000", "interestIncome": "44000000", "interestExpense": "456000000", "nonInterestIncome": "None", "otherNonOperatingIncome": "568000000", "depreciation": "None", "depreciationAndAmortization": "695000000", "incomeBeforeTax": "-5052000000", "incomeTaxExpense": "-331000000", "interestAndDebtExpense": "456000000", "netIncomeFromContinuingOperations": "-4718000000", "comprehensiveIncomeNetOfTax": "-4701000000", "ebit": "-4596000000", "ebitda": "-3901000000", "netIncome": "-4721000000"}, {"fiscalDateEnding": "2020-03-31", "reportedCurrency": "USD", "grossProfit": "13740000000", "totalRevenue": "18025000000", "costOfRevenue": "4269000000", "costofGoodsAndServicesSold": "11918000000", "operatingIncome": "2407000000", "sellingGeneralAndAdministrative": "3393000000", "researchAndDevelopment": "None", "operatingExpenses": "4459000000", "investmentIncomeNet": "63000000", "netInterestIncome": "-300000000", "interestIncome": "65000000", "interestExpense": "365000000", "nonInterestIncome": "None", "otherNonOperatingIncome": "135000000", "depreciation": "None", "depreciationAndAmortization": "738000000", "incomeBeforeTax": "983000000", "incomeTaxExpense": "523000000", "interestAndDebtExpense": "365000000", "netIncomeFromContinuingOperations": "475000000", "comprehensiveIncomeNetOfTax": "356000000", "ebit": "1348000000", "ebitda": "2086000000", "netIncome": "460000000"}, {"fiscalDateEnding": "2019-12-31", "reportedCurrency": "USD", "grossProfit": "16306000000", "totalRevenue": "20877000000", "costOfRevenue": "4552000000", "costofGoodsAndServicesSold": "13016000000", "operatingIncome": "3996000000", "sellingGeneralAndAdministrative": "3709000000", "researchAndDevelopment": "None", "operatingExpenses": "16956000000", "investmentIncomeNet": "76000000", "netInterestIncome": "-283000000", "interestIncome": "79000000", "interestExpense": "362000000", "nonInterestIncome": "None", "otherNonOperatingIncome": "224000000", "depreciation": "None", "depreciationAndAmortization": "702000000", "incomeBeforeTax": "2565000000", "incomeTaxExpense": "458000000", "interestAndDebtExpense": "362000000", "netIncomeFromContinuingOperations": "2133000000", "comprehensiveIncomeNetOfTax": "2191000000", "ebit": "2927000000", "ebitda": "3629000000", "netIncome": "2107000000"}, {"fiscalDateEnding": "2019-09-30", "reportedCurrency": "USD", "grossProfit": "19100000000", "totalRevenue": "19118000000", "costOfRevenue": "4527000000", "costofGoodsAndServicesSold": "11822000000", "operatingIncome": "3425000000", "sellingGeneralAndAdministrative": "3699000000", "researchAndDevelopment": "None", "operatingExpenses": "15828000000", "investmentIncomeNet": "None", "netInterestIncome": "-629000000", "interestIncome": "-216000000", "interestExpense": "413000000", "nonInterestIncome": "None", "otherNonOperatingIncome": "None", "depreciation": "None", "depreciationAndAmortization": "439000000", "incomeBeforeTax": "1395000000", "incomeTaxExpense": "341000000", "interestAndDebtExpense": "924000000", "netIncomeFromContinuingOperations": "914000000", "comprehensiveIncomeNetOfTax": "-1842000000", "ebit": "1808000000", "ebitda": "2247000000", "netIncome": "1054000000"}, {"fiscalDateEnding": "2019-06-30", "reportedCurrency": "USD", "grossProfit": "15924000000", "totalRevenue": "20262000000", "costOfRevenue": "4321000000", "costofGoodsAndServicesSold": "12819000000", "operatingIncome": "3952000000", "sellingGeneralAndAdministrative": "3368000000", "researchAndDevelopment": "None", "operatingExpenses": "16419000000", "investmentIncomeNet": "34000000", "netInterestIncome": "-411000000", "interestIncome": "61000000", "interestExpense": "472000000", "nonInterestIncome": "None", "otherNonOperatingIncome": "-1000000", "depreciation": "None", "depreciationAndAmortization": "779000000", "incomeBeforeTax": "2153000000", "incomeTaxExpense": "393000000", "interestAndDebtExpense": "472000000", "netIncomeFromContinuingOperations": "1437000000", "comprehensiveIncomeNetOfTax": "1825000000", "ebit": "2625000000", "ebitda": "3404000000", "netIncome": "1760000000"}, {"fiscalDateEnding": "2019-03-31", "reportedCurrency": "USD", "grossProfit": "6546000000", "totalRevenue": "14924000000", "costOfRevenue": "8376000000", "costofGoodsAndServicesSold": "8376000000", "operatingIncome": "3815000000", "sellingGeneralAndAdministrative": "2330000000", "researchAndDevelopment": "None", "operatingExpenses": "3155000000", "investmentIncomeNet": "30000000", "netInterestIncome": "-143000000", "interestIncome": "55000000", "interestExpense": "198000000", "nonInterestIncome": "None", "otherNonOperatingIncome": "-312000000", "depreciation": "None", "depreciationAndAmortization": "828000000", "incomeBeforeTax": "7099000000", "incomeTaxExpense": "1647000000", "interestAndDebtExpense": "None", "netIncomeFromContinuingOperations": "5590000000", "comprehensiveIncomeNetOfTax": "5448000000", "ebit": "7297000000", "ebitda": "8125000000", "netIncome": "5452000000"}, {"fiscalDateEnding": "2018-12-31", "reportedCurrency": "USD", "grossProfit": "6302000000", "totalRevenue": "15303000000", "costOfRevenue": "9001000000", "costofGoodsAndServicesSold": "9001000000", "operatingIncome": "3655000000", "sellingGeneralAndAdministrative": "2152000000", "researchAndDevelopment": "None", "operatingExpenses": "2884000000", "investmentIncomeNet": "75000000", "netInterestIncome": "-63000000", "interestIncome": "100000000", "interestExpense": "163000000", "nonInterestIncome": "None", "otherNonOperatingIncome": "None", "depreciation": "None", "depreciationAndAmortization": "732000000", "incomeBeforeTax": "3433000000", "incomeTaxExpense": "645000000", "interestAndDebtExpense": "None", "netIncomeFromContinuingOperations": "2786000000", "comprehensiveIncomeNetOfTax": "2809000000", "ebit": "3596000000", "ebitda": "4328000000", "netIncome": "2788000000"}, {"fiscalDateEnding": "2018-09-30", "reportedCurrency": "USD", "grossProfit": "6199000000", "totalRevenue": "14306000000", "costOfRevenue": "8108000000", "costofGoodsAndServicesSold": "8108000000", "operatingIncome": "3277000000", "sellingGeneralAndAdministrative": "2321000000", "researchAndDevelopment": "None", "operatingExpenses": "3116000000", "investmentIncomeNet": "None", "netInterestIncome": "None", "interestIncome": "None", "interestExpense": "189000000", "nonInterestIncome": "None", "otherNonOperatingIncome": "None", "depreciation": "None", "depreciationAndAmortization": "794000000", "incomeBeforeTax": "3105000000", "incomeTaxExpense": "783000000", "interestAndDebtExpense": "None", "netIncomeFromContinuingOperations": "2419000000", "comprehensiveIncomeNetOfTax": "2487000000", "ebit": "3294000000", "ebitda": "4088000000", "netIncome": "2322000000"}, {"fiscalDateEnding": "2018-06-30", "reportedCurrency": "USD", "grossProfit": "6880000000", "totalRevenue": "15229000000", "costOfRevenue": "8348000000", "costofGoodsAndServicesSold": "8348000000", "operatingIncome": "4189000000", "sellingGeneralAndAdministrative": "2213000000", "researchAndDevelopment": "None", "operatingExpenses": "2956000000", "investmentIncomeNet": "None", "netInterestIncome": "None", "interestIncome": "None", "interestExpense": "175000000", "nonInterestIncome": "None", "otherNonOperatingIncome": "None", "depreciation": "None", "depreciationAndAmortization": "744000000", "incomeBeforeTax": "3711000000", "incomeTaxExpense": "795000000", "interestAndDebtExpense": "None", "netIncomeFromContinuingOperations": "3059000000", "comprehensiveIncomeNetOfTax": "2999000000", "ebit": "3886000000", "ebitda": "4630000000", "netIncome": "2916000000"}, {"fiscalDateEnding": "2018-03-31", "reportedCurrency": "USD", "grossProfit": "7015000000", "totalRevenue": "14548000000", "costOfRevenue": "7533000000", "costofGoodsAndServicesSold": "7533000000", "operatingIncome": "4237000000", "sellingGeneralAndAdministrative": "2239000000", "researchAndDevelopment": "None", "operatingExpenses": "2978000000", "investmentIncomeNet": "None", "netInterestIncome": "-143000000", "interestIncome": "None", "interestExpense": "172000000", "nonInterestIncome": "None", "otherNonOperatingIncome": "None", "depreciation": "None", "depreciationAndAmortization": "731000000", "incomeBeforeTax": "3750000000", "incomeTaxExpense": "813000000", "interestAndDebtExpense": "None", "netIncomeFromContinuingOperations": "3115000000", "comprehensiveIncomeNetOfTax": "2996000000", "ebit": "3922000000", "ebitda": "4653000000", "netIncome": "2937000000"}, {"fiscalDateEnding": "2017-12-31", "reportedCurrency": "USD", "grossProfit": "6614000000", "totalRevenue": "15351000000", "costOfRevenue": "8737000000", "costofGoodsAndServicesSold": "8737000000", "operatingIncome": "3986000000", "sellingGeneralAndAdministrative": "2079000000", "researchAndDevelopment": "None", "operatingExpenses": "2821000000", "investmentIncomeNet": "None", "netInterestIncome": "None", "interestIncome": "None", "interestExpense": "146000000", "nonInterestIncome": "None", "otherNonOperatingIncome": "None", "depreciation": "None", "depreciationAndAmortization": "742000000", "incomeBeforeTax": "3745000000", "incomeTaxExpense": "-728000000", "interestAndDebtExpense": "None", "netIncomeFromContinuingOperations": "4473000000", "comprehensiveIncomeNetOfTax": "None", "ebit": "3986000000", "ebitda": "4583000000", "netIncome": "4423000000"}]}