{"symbol": "SONY", "annualReports": [{"fiscalDateEnding": "2021-03-31", "reportedCurrency": "JPY", "grossProfit": "2437801000000", "totalRevenue": "8999360000000", "costOfRevenue": "6561559000000", "costofGoodsAndServicesSold": "6561559000000", "operatingIncome": "967846000000", "sellingGeneralAndAdministrative": "1469955000000", "researchAndDevelopment": "None", "operatingExpenses": "1469955000000", "investmentIncomeNet": "None", "netInterestIncome": "-1728000000", "interestIncome": "10457000000", "interestExpense": "12185000000", "nonInterestIncome": "None", "otherNonOperatingIncome": "None", "depreciation": "None", "depreciationAndAmortization": "663737000000", "incomeBeforeTax": "1192370000000", "incomeTaxExpense": "995000000", "interestAndDebtExpense": "None", "netIncomeFromContinuingOperations": "1191375000000", "comprehensiveIncomeNetOfTax": "None", "ebit": "1184956000000", "ebitda": "1848693000000", "netIncome": "1171776000000"}, {"fiscalDateEnding": "2020-03-31", "reportedCurrency": "JPY", "grossProfit": "2334836000000", "totalRevenue": "8259885000000", "costOfRevenue": "5925049000000", "costofGoodsAndServicesSold": "5925049000000", "operatingIncome": "832211000000", "sellingGeneralAndAdministrative": "1502625000000", "researchAndDevelopment": "None", "operatingExpenses": "1502625000000", "investmentIncomeNet": "None", "netInterestIncome": "8188000000", "interestIncome": "-38781000000", "interestExpense": "11090000000", "nonInterestIncome": "None", "otherNonOperatingIncome": "None", "depreciation": "None", "depreciationAndAmortization": "746451000000", "incomeBeforeTax": "799450000000", "incomeTaxExpense": "177190000000", "interestAndDebtExpense": "None", "netIncomeFromContinuingOperations": "622260000000", "comprehensiveIncomeNetOfTax": "None", "ebit": "770471000000", "ebitda": "1516922000000", "netIncome": "582191000000"}, {"fiscalDateEnding": "2019-03-31", "reportedCurrency": "JPY", "grossProfit": "2402491000000", "totalRevenue": "8665687000000", "costOfRevenue": "6263196000000", "costofGoodsAndServicesSold": "6263196000000", "operatingIncome": "825666000000", "sellingGeneralAndAdministrative": "1576825000000", "researchAndDevelopment": "0", "operatingExpenses": "1576825000000", "investmentIncomeNet": "None", "netInterestIncome": "9151000000", "interestIncome": "116549000000", "interestExpense": "12467000000", "nonInterestIncome": "None", "otherNonOperatingIncome": "0", "depreciation": "None", "depreciationAndAmortization": "722519000000", "incomeBeforeTax": "1011648000000", "incomeTaxExpense": "45098000000", "interestAndDebtExpense": "None", "netIncomeFromContinuingOperations": "966550000000", "comprehensiveIncomeNetOfTax": "None", "ebit": "973836000000", "ebitda": "1696355000000", "netIncome": "916271000000"}, {"fiscalDateEnding": "2018-03-31", "reportedCurrency": "JPY", "grossProfit": "2313560000000", "totalRevenue": "8543982000000", "costOfRevenue": "6230422000000", "costofGoodsAndServicesSold": "6230422000000", "operatingIncome": "730363000000", "sellingGeneralAndAdministrative": "1583197000000", "researchAndDevelopment": "0", "operatingExpenses": "1583197000000", "investmentIncomeNet": "None", "netInterestIncome": "6218000000", "interestIncome": "-27854000000", "interestExpense": "13566000000", "nonInterestIncome": "None", "otherNonOperatingIncome": "0", "depreciation": "None", "depreciationAndAmortization": "720718000000", "incomeBeforeTax": "699049000000", "incomeTaxExpense": "151770000000", "interestAndDebtExpense": "None", "netIncomeFromContinuingOperations": "547279000000", "comprehensiveIncomeNetOfTax": "None", "ebit": "656130000000", "ebitda": "1376848000000", "netIncome": "490794000000"}, {"fiscalDateEnding": "2017-03-31", "reportedCurrency": "JPY", "grossProfit": "1940096000000", "totalRevenue": "7603250000000", "costOfRevenue": "5663154000000", "costofGoodsAndServicesSold": "5663154000000", "operatingIncome": "434140000000", "sellingGeneralAndAdministrative": "1505956000000", "researchAndDevelopment": "0", "operatingExpenses": "1505956000000", "investmentIncomeNet": "None", "netInterestIncome": "-3085000000", "interestIncome": "-32670000000", "interestExpense": "14544000000", "nonInterestIncome": "None", "otherNonOperatingIncome": "0", "depreciation": "None", "depreciationAndAmortization": "624553000000", "incomeBeforeTax": "251619000000", "incomeTaxExpense": "124058000000", "interestAndDebtExpense": "None", "netIncomeFromContinuingOperations": "127561000000", "comprehensiveIncomeNetOfTax": "None", "ebit": "211891000000", "ebitda": "836444000000", "netIncome": "73289000000"}], "quarterlyReports": [{"fiscalDateEnding": "2021-09-30", "reportedCurrency": "JPY", "grossProfit": "681260000000", "totalRevenue": "2369365000000", "costOfRevenue": "1688105000000", "costofGoodsAndServicesSold": "1688105000000", "operatingIncome": "310138000000", "sellingGeneralAndAdministrative": "369908000000", "researchAndDevelopment": "None", "operatingExpenses": "371122000000", "investmentIncomeNet": "None", "netInterestIncome": "-35360000000", "interestIncome": "4812000000", "interestExpense": "40172000000", "nonInterestIncome": "None", "otherNonOperatingIncome": "None", "depreciation": "None", "depreciationAndAmortization": "205992000000", "incomeBeforeTax": "283099000000", "incomeTaxExpense": "68703000000", "interestAndDebtExpense": "None", "netIncomeFromContinuingOperations": "214396000000", "comprehensiveIncomeNetOfTax": "None", "ebit": "321981000000", "ebitda": "527973000000", "netIncome": "213106000000"}, {"fiscalDateEnding": "2021-06-30", "reportedCurrency": "JPY", "grossProfit": "620001000000", "totalRevenue": "2256843000000", "costOfRevenue": "1636842000000", "costofGoodsAndServicesSold": "1636842000000", "operatingIncome": "275800000000", "sellingGeneralAndAdministrative": "345302000000", "researchAndDevelopment": "None", "operatingExpenses": "344201000000", "investmentIncomeNet": "None", "netInterestIncome": "3142000000", "interestIncome": "11685000000", "interestExpense": "8543000000", "nonInterestIncome": "None", "otherNonOperatingIncome": "None", "depreciation": "None", "depreciationAndAmortization": "177922000000", "incomeBeforeTax": "283210000000", "incomeTaxExpense": "70095000000", "interestAndDebtExpense": "None", "netIncomeFromContinuingOperations": "213115000000", "comprehensiveIncomeNetOfTax": "None", "ebit": "290467000000", "ebitda": "468389000000", "netIncome": "211829000000"}, {"fiscalDateEnding": "2021-03-31", "reportedCurrency": "JPY", "grossProfit": "515241000000", "totalRevenue": "2220419000000", "costOfRevenue": "1705178000000", "costofGoodsAndServicesSold": "1705178000000", "operatingIncome": "69103000000", "sellingGeneralAndAdministrative": "429647000000", "researchAndDevelopment": "None", "operatingExpenses": "446138000000", "investmentIncomeNet": "None", "netInterestIncome": "-1572000000", "interestIncome": "3348000000", "interestExpense": "4920000000", "nonInterestIncome": "None", "otherNonOperatingIncome": "None", "depreciation": "None", "depreciationAndAmortization": "179325000000", "incomeBeforeTax": "95476000000", "incomeTaxExpense": "-11646000000", "interestAndDebtExpense": "None", "netIncomeFromContinuingOperations": "107122000000", "comprehensiveIncomeNetOfTax": "None", "ebit": "100274000000", "ebitda": "279599000000", "netIncome": "107000000000"}, {"fiscalDateEnding": "2020-12-31", "reportedCurrency": "JPY", "grossProfit": "764860000000", "totalRevenue": "2696536000000", "costOfRevenue": "1931676000000", "costofGoodsAndServicesSold": "1931676000000", "operatingIncome": "354730000000", "sellingGeneralAndAdministrative": "409835000000", "researchAndDevelopment": "None", "operatingExpenses": "410130000000", "investmentIncomeNet": "None", "netInterestIncome": "-1003000000", "interestIncome": "1753000000", "interestExpense": "2756000000", "nonInterestIncome": "None", "otherNonOperatingIncome": "None", "depreciation": "None", "depreciationAndAmortization": "178841000000", "incomeBeforeTax": "477371000000", "incomeTaxExpense": "103661000000", "interestAndDebtExpense": "None", "netIncomeFromContinuingOperations": "373710000000", "comprehensiveIncomeNetOfTax": "None", "ebit": "478308000000", "ebitda": "657149000000", "netIncome": "371891000000"}, {"fiscalDateEnding": "2020-09-30", "reportedCurrency": "JPY", "grossProfit": "639113000000", "totalRevenue": "2113486000000", "costOfRevenue": "1474373000000", "costofGoodsAndServicesSold": "1474373000000", "operatingIncome": "315344000000", "sellingGeneralAndAdministrative": "329307000000", "researchAndDevelopment": "None", "operatingExpenses": "323769000000", "investmentIncomeNet": "None", "netInterestIncome": "-184000000", "interestIncome": "-15281000000", "interestExpense": "2704000000", "nonInterestIncome": "None", "otherNonOperatingIncome": "None", "depreciation": "None", "depreciationAndAmortization": "158612000000", "incomeBeforeTax": "299604000000", "incomeTaxExpense": "-163898000000", "interestAndDebtExpense": "None", "netIncomeFromContinuingOperations": "463502000000", "comprehensiveIncomeNetOfTax": "None", "ebit": "298440000000", "ebitda": "457052000000", "netIncome": "459634000000"}, {"fiscalDateEnding": "2020-06-30", "reportedCurrency": "JPY", "grossProfit": "639113000000", "totalRevenue": "2113486000000", "costOfRevenue": "1474373000000", "costofGoodsAndServicesSold": "1474373000000", "operatingIncome": "228395000000", "sellingGeneralAndAdministrative": "329307000000", "researchAndDevelopment": "None", "operatingExpenses": "1751498000000", "investmentIncomeNet": "None", "netInterestIncome": "1031000000", "interestIncome": "92877000000", "interestExpense": "274000000", "nonInterestIncome": "None", "otherNonOperatingIncome": "None", "depreciation": "None", "depreciationAndAmortization": "None", "incomeBeforeTax": "319919000000", "incomeTaxExpense": "72878000000", "interestAndDebtExpense": "None", "netIncomeFromContinuingOperations": "247041000000", "comprehensiveIncomeNetOfTax": "None", "ebit": "476017000000", "ebitda": "468683000000", "netIncome": "233251000000"}, {"fiscalDateEnding": "2020-03-31", "reportedCurrency": "JPY", "grossProfit": "450148000000", "totalRevenue": "1748740000000", "costOfRevenue": "1298592000000", "costofGoodsAndServicesSold": "1298592000000", "operatingIncome": "52638000000", "sellingGeneralAndAdministrative": "329307000000", "researchAndDevelopment": "None", "operatingExpenses": "397510000000", "investmentIncomeNet": "None", "netInterestIncome": "2323000000", "interestIncome": "-15462000000", "interestExpense": "2297000000", "nonInterestIncome": "None", "otherNonOperatingIncome": "None", "depreciation": "None", "depreciationAndAmortization": "252374000000", "incomeBeforeTax": "-3983000000", "incomeTaxExpense": "-19726000000", "interestAndDebtExpense": "None", "netIncomeFromContinuingOperations": "15743000000", "comprehensiveIncomeNetOfTax": "None", "ebit": "-4785000000", "ebitda": "247589000000", "netIncome": "12644000000"}, {"fiscalDateEnding": "2019-12-31", "reportedCurrency": "JPY", "grossProfit": "679394000000", "totalRevenue": "2463162000000", "costOfRevenue": "1783768000000", "costofGoodsAndServicesSold": "1783768000000", "operatingIncome": "279362000000", "sellingGeneralAndAdministrative": "400032000000", "researchAndDevelopment": "0", "operatingExpenses": "400032000000", "investmentIncomeNet": "None", "netInterestIncome": "2771000000", "interestIncome": "15736000000", "interestExpense": "1129000000", "nonInterestIncome": "None", "otherNonOperatingIncome": "0", "depreciation": "None", "depreciationAndAmortization": "165738000000", "incomeBeforeTax": "310321000000", "incomeTaxExpense": "69977000000", "interestAndDebtExpense": "None", "netIncomeFromContinuingOperations": "240344000000", "comprehensiveIncomeNetOfTax": "None", "ebit": "300644000000", "ebitda": "466382000000", "netIncome": "229538000000"}, {"fiscalDateEnding": "2019-09-30", "reportedCurrency": "JPY", "grossProfit": "629101000000", "totalRevenue": "2122259000000", "costOfRevenue": "1493158000000", "costofGoodsAndServicesSold": "1493158000000", "operatingIncome": "274185000000", "sellingGeneralAndAdministrative": "354916000000", "researchAndDevelopment": "0", "operatingExpenses": "354916000000", "investmentIncomeNet": "None", "netInterestIncome": "2169000000", "interestIncome": "-18427000000", "interestExpense": "2784000000", "nonInterestIncome": "None", "otherNonOperatingIncome": "0", "depreciation": "None", "depreciationAndAmortization": "178381000000", "incomeBeforeTax": "262094000000", "incomeTaxExpense": "61927000000", "interestAndDebtExpense": "None", "netIncomeFromContinuingOperations": "200167000000", "comprehensiveIncomeNetOfTax": "None", "ebit": "252598000000", "ebitda": "430979000000", "netIncome": "187887000000"}, {"fiscalDateEnding": "2019-06-30", "reportedCurrency": "JPY", "grossProfit": "576193000000", "totalRevenue": "1925724000000", "costOfRevenue": "1349531000000", "costofGoodsAndServicesSold": "1349531000000", "operatingIncome": "230925000000", "sellingGeneralAndAdministrative": "350167000000", "researchAndDevelopment": "0", "operatingExpenses": "1699698000000", "investmentIncomeNet": "None", "netInterestIncome": "925000000", "interestIncome": "-448000000", "interestExpense": "-1342000000", "nonInterestIncome": "None", "otherNonOperatingIncome": "0", "depreciation": "None", "depreciationAndAmortization": "None", "incomeBeforeTax": "231018000000", "incomeTaxExpense": "65012000000", "interestAndDebtExpense": "None", "netIncomeFromContinuingOperations": "166006000000", "comprehensiveIncomeNetOfTax": "None", "ebit": "385856000000", "ebitda": "None", "netIncome": "152122000000"}, {"fiscalDateEnding": "2019-03-31", "reportedCurrency": "JPY", "grossProfit": "509155000000", "totalRevenue": "2127498000000", "costOfRevenue": "1618343000000", "costofGoodsAndServicesSold": "1618343000000", "operatingIncome": "109245000000", "sellingGeneralAndAdministrative": "399910000000", "researchAndDevelopment": "0", "operatingExpenses": "399910000000", "investmentIncomeNet": "None", "netInterestIncome": "4114000000", "interestIncome": "30401000000", "interestExpense": "1763000000", "nonInterestIncome": "None", "otherNonOperatingIncome": "0", "depreciation": "None", "depreciationAndAmortization": "211976000000", "incomeBeforeTax": "112634000000", "incomeTaxExpense": "11331000000", "interestAndDebtExpense": "None", "netIncomeFromContinuingOperations": "101303000000", "comprehensiveIncomeNetOfTax": "None", "ebit": "100955000000", "ebitda": "312931000000", "netIncome": "87861000000"}, {"fiscalDateEnding": "2018-12-31", "reportedCurrency": "JPY", "grossProfit": "696673000000", "totalRevenue": "2401805000000", "costOfRevenue": "1705132000000", "costofGoodsAndServicesSold": "1705132000000", "operatingIncome": "266648000000", "sellingGeneralAndAdministrative": "430025000000", "researchAndDevelopment": "0", "operatingExpenses": "430025000000", "investmentIncomeNet": "None", "netInterestIncome": "None", "interestIncome": "None", "interestExpense": "3510000000", "nonInterestIncome": "None", "otherNonOperatingIncome": "0", "depreciation": "None", "depreciationAndAmortization": "204825000000", "incomeBeforeTax": "340530000000", "incomeTaxExpense": "-100723000000", "interestAndDebtExpense": "None", "netIncomeFromContinuingOperations": "0", "comprehensiveIncomeNetOfTax": "None", "ebit": "331749000000", "ebitda": "536574000000", "netIncome": "428962000000"}, {"fiscalDateEnding": "2018-09-30", "reportedCurrency": "JPY", "grossProfit": "647682000000", "totalRevenue": "2182760000000", "costOfRevenue": "1535078000000", "costofGoodsAndServicesSold": "1535078000000", "operatingIncome": "250553000000", "sellingGeneralAndAdministrative": "397129000000", "researchAndDevelopment": "0", "operatingExpenses": "397129000000", "investmentIncomeNet": "None", "netInterestIncome": "None", "interestIncome": "None", "interestExpense": "3876000000", "nonInterestIncome": "None", "otherNonOperatingIncome": "0", "depreciation": "None", "depreciationAndAmortization": "161474000000", "incomeBeforeTax": "246398000000", "incomeTaxExpense": "59268000000", "interestAndDebtExpense": "None", "netIncomeFromContinuingOperations": "1642571867.46", "comprehensiveIncomeNetOfTax": "None", "ebit": "236145000000", "ebitda": "397619000000", "netIncome": "173001000000"}, {"fiscalDateEnding": "2018-06-30", "reportedCurrency": "JPY", "grossProfit": "4950457640.11", "totalRevenue": "17616880833.22", "costOfRevenue": "12666423193.11", "costofGoodsAndServicesSold": "12666423193.11", "operatingIncome": "1799404842.42", "sellingGeneralAndAdministrative": "3153983497.90", "researchAndDevelopment": "0", "operatingExpenses": "11598.49", "investmentIncomeNet": "None", "netInterestIncome": "None", "interestIncome": "None", "interestExpense": "-29920194.78", "nonInterestIncome": "None", "otherNonOperatingIncome": "0", "depreciation": "None", "depreciationAndAmortization": "None", "incomeBeforeTax": "2814247711.80", "incomeTaxExpense": "678317327.20", "interestAndDebtExpense": "None", "netIncomeFromContinuingOperations": "2135930384.60", "comprehensiveIncomeNetOfTax": "None", "ebit": "1799404842.42", "ebitda": "None", "netIncome": "2041994679.65"}, {"fiscalDateEnding": "2018-03-31", "reportedCurrency": "JPY", "grossProfit": "489266000000", "totalRevenue": "1951021000000", "costOfRevenue": "1461755000000", "costofGoodsAndServicesSold": "1461755000000", "operatingIncome": "65259000000", "sellingGeneralAndAdministrative": "405008000000", "researchAndDevelopment": "1447719000", "operatingExpenses": "424007000000", "investmentIncomeNet": "None", "netInterestIncome": "None", "interestIncome": "None", "interestExpense": "2784000000", "nonInterestIncome": "None", "otherNonOperatingIncome": "None", "depreciation": "None", "depreciationAndAmortization": "202822000000", "incomeBeforeTax": "8471000000", "incomeTaxExpense": "13289000000", "interestAndDebtExpense": "None", "netIncomeFromContinuingOperations": "-4818000000", "comprehensiveIncomeNetOfTax": "None", "ebit": "-753000000", "ebitda": "202069000000", "netIncome": "-16826000000"}, {"fiscalDateEnding": "2017-12-31", "reportedCurrency": "JPY", "grossProfit": "748951000000", "totalRevenue": "2672317000000", "costOfRevenue": "1923366000000", "costofGoodsAndServicesSold": "1923366000000", "operatingIncome": "333419000000", "sellingGeneralAndAdministrative": "744011000000", "researchAndDevelopment": "1000138000", "operatingExpenses": "415532000000", "investmentIncomeNet": "None", "netInterestIncome": "None", "interestIncome": "None", "interestExpense": "3536000000", "nonInterestIncome": "None", "otherNonOperatingIncome": "None", "depreciation": "None", "depreciationAndAmortization": "187792000000", "incomeBeforeTax": "343119000000", "incomeTaxExpense": "28234000000", "interestAndDebtExpense": "None", "netIncomeFromContinuingOperations": "360867000000", "comprehensiveIncomeNetOfTax": "None", "ebit": "327667000000", "ebitda": "515459000000", "netIncome": "295897000000"}, {"fiscalDateEnding": "2017-09-30", "reportedCurrency": "JPY", "grossProfit": "587580000000", "totalRevenue": "2062531000000", "costOfRevenue": "1474951000000", "costofGoodsAndServicesSold": "1474951000000", "operatingIncome": "201301000000", "sellingGeneralAndAdministrative": "386279000000", "researchAndDevelopment": "964042000", "operatingExpenses": "386279000000", "investmentIncomeNet": "None", "netInterestIncome": "None", "interestIncome": "None", "interestExpense": "2730000000", "nonInterestIncome": "None", "otherNonOperatingIncome": "None", "depreciation": "None", "depreciationAndAmortization": "167523000000", "incomeBeforeTax": "198565000000", "incomeTaxExpense": "55751000000", "interestAndDebtExpense": "None", "netIncomeFromContinuingOperations": "-140380000000", "comprehensiveIncomeNetOfTax": "None", "ebit": "189333000000", "ebitda": "356856000000", "netIncome": "130852000000"}, {"fiscalDateEnding": "2017-06-30", "reportedCurrency": "JPY", "grossProfit": "487763000000", "totalRevenue": "16448515000", "costOfRevenue": "14630481000", "costofGoodsAndServicesSold": "14630481000", "operatingIncome": "1077260000", "sellingGeneralAndAdministrative": "357379000000", "researchAndDevelopment": "905596000", "operatingExpenses": "1729147000000", "investmentIncomeNet": "None", "netInterestIncome": "None", "interestIncome": "None", "interestExpense": "40178000", "nonInterestIncome": "None", "otherNonOperatingIncome": "None", "depreciation": "None", "depreciationAndAmortization": "None", "incomeBeforeTax": "1324680000", "incomeTaxExpense": "484840000", "interestAndDebtExpense": "None", "netIncomeFromContinuingOperations": "94398000000", "comprehensiveIncomeNetOfTax": "None", "ebit": "128966000000", "ebitda": "None", "netIncome": "719493000"}, {"fiscalDateEnding": "2017-03-31", "reportedCurrency": "JPY", "grossProfit": "493914000000", "totalRevenue": "1903604000000", "costOfRevenue": "1409690000000", "costofGoodsAndServicesSold": "1409690000000", "operatingIncome": "76054000000", "sellingGeneralAndAdministrative": "1496102000000", "researchAndDevelopment": "1232227000", "operatingExpenses": "417860000000", "investmentIncomeNet": "None", "netInterestIncome": "None", "interestIncome": "None", "interestExpense": "2642000000", "nonInterestIncome": "None", "otherNonOperatingIncome": "None", "depreciation": "None", "depreciationAndAmortization": "174460000000", "incomeBeforeTax": "87856000000", "incomeTaxExpense": "43127000000", "interestAndDebtExpense": "None", "netIncomeFromContinuingOperations": "127561000000", "comprehensiveIncomeNetOfTax": "None", "ebit": "73419000000", "ebitda": "247879000000", "netIncome": "27650000000"}, {"fiscalDateEnding": "2016-12-31", "reportedCurrency": "JPY", "grossProfit": "615723000000", "totalRevenue": "2397499000000", "costOfRevenue": "1781776000000", "costofGoodsAndServicesSold": "1781776000000", "operatingIncome": "204071000000", "sellingGeneralAndAdministrative": "0", "researchAndDevelopment": "646932000", "operatingExpenses": "411652000000", "investmentIncomeNet": "None", "netInterestIncome": "None", "interestIncome": "None", "interestExpense": "3749000000", "nonInterestIncome": "None", "otherNonOperatingIncome": "None", "depreciation": "None", "depreciationAndAmortization": "146196000000", "incomeBeforeTax": "66227000000", "incomeTaxExpense": "36956000000", "interestAndDebtExpense": "None", "netIncomeFromContinuingOperations": "0", "comprehensiveIncomeNetOfTax": "None", "ebit": "60336000000", "ebitda": "206532000000", "netIncome": "19631000000"}, {"fiscalDateEnding": "2016-09-30", "reportedCurrency": "JPY", "grossProfit": "414514000000", "totalRevenue": "1688948000000", "costOfRevenue": "1274434000000", "costofGoodsAndServicesSold": "1274434000000", "operatingIncome": "76167000000", "sellingGeneralAndAdministrative": "338347000000", "researchAndDevelopment": "1064844000", "operatingExpenses": "338347000000", "investmentIncomeNet": "None", "netInterestIncome": "None", "interestIncome": "None", "interestExpense": "4352000000", "nonInterestIncome": "None", "otherNonOperatingIncome": "None", "depreciation": "None", "depreciationAndAmortization": "149111000000", "incomeBeforeTax": "40520000000", "incomeTaxExpense": "23500000000", "interestAndDebtExpense": "None", "netIncomeFromContinuingOperations": "0", "comprehensiveIncomeNetOfTax": "None", "ebit": "32694000000", "ebitda": "181805000000", "netIncome": "4842000000"}]}